<record><leader>00000cas a22000007a 4500</leader><controlfield tag="001">12884783</controlfield><controlfield tag="008">851209d19061931wiuwr ne      0    0eng d</controlfield><datafield ind1=" " ind2=" " tag="010"><subfield code="a">sn 85041474 </subfield></datafield><datafield ind1=" " ind2=" " tag="040"><subfield code="a">NPV</subfield><subfield code="b">eng</subfield><subfield code="c">NPV</subfield><subfield code="d">OCLCQ</subfield></datafield><datafield ind1=" " ind2=" " tag="042"><subfield code="a">msc</subfield></datafield><datafield ind1=" " ind2=" " tag="045"><subfield code="a">x0x3</subfield></datafield><datafield ind1=" " ind2=" " tag="052"><subfield code="a">4123</subfield><subfield code="b">I5</subfield></datafield><datafield ind1="0" ind2="4" tag="245"><subfield code="a">The Dodgeville sun-republic.</subfield></datafield><datafield ind1="1" ind2="3" tag="246"><subfield code="a">Sun-republic</subfield></datafield><datafield ind1=" " ind2=" " tag="260"><subfield code="a">Dodgeville, Wis. :</subfield><subfield code="b">Morrison &amp; Hadden,</subfield><subfield code="c">1906-1931.</subfield></datafield><datafield ind1=" " ind2=" " tag="300"><subfield code="a">v. :</subfield><subfield code="b">ill.</subfield></datafield><datafield ind1=" " ind2=" " tag="310"><subfield code="a">Weekly</subfield></datafield><datafield ind1="0" ind2=" " tag="362"><subfield code="a">Vol. 24, no. 36 (Mar. 7, 1906)-v. 49, no. 44 (May 7, 1931).</subfield></datafield><datafield ind1=" " ind2=" " tag="500"><subfield code="a">Publisher varies.</subfield></datafield><datafield ind1=" " ind2=" " tag="500"><subfield code="a">Editors: F.W. Hadden, March 7, 1906-March 10, 1911; R.M. Vordale, March 17, 1911-Sept. 13, 1912; E.D. Sargent, Sept. 20-Nov. 8, 1912; C.C. Pearce, Nov. 15, 1912-Oct. 17, 1913; E.E. Elder, Oct. 24, 1913-Sept. 25, 1914; G. Trace, May 27, 1926-Nov. 17, 1927; C.S. Bonynge, Nov. 24, 1927-Dec. 26, 1929; M.H. Johnson, Jan. 2-Jan. 23, 1930; L.E. Perry, May 7, 1931.</subfield></datafield><datafield ind1=" " ind2=" " tag="530"><subfield code="a">Available on microfilm from The State Historical Society of Wisconsin.</subfield></datafield><datafield ind1=" " ind2=" " tag="752"><subfield code="a">United States</subfield><subfield code="b">Wisconsin</subfield><subfield code="c">Iowa</subfield><subfield code="d">Dodgeville.</subfield></datafield><datafield ind1="0" ind2="0" tag="780"><subfield code="t">Dodgeville sun</subfield><subfield code="w">(DLC)sn 84024391</subfield></datafield><datafield ind1="0" ind2="5" tag="780"><subfield code="t">Weekly republic</subfield><subfield code="w">(DLC)sn 85041272</subfield></datafield><datafield ind1="1" ind2=" " tag="029"><subfield code="a">AU@</subfield><subfield code="b">000025816120</subfield></datafield></record>